%YAML 1.1
%TAG !u! tag:unity3d.com,2011:
--- !u!1 &779654581696329158
GameObject:
  m_ObjectHideFlags: 0
  m_CorrespondingSourceObject: {fileID: 0}
  m_PrefabInstance: {fileID: 0}
  m_PrefabAsset: {fileID: 0}
  serializedVersion: 6
  m_Component:
  - component: {fileID: 779654581696329159}
  - component: {fileID: 779654581696329157}
  - component: {fileID: 779654581696329156}
  m_Layer: 5
  m_Name: GameSerial
  m_TagString: Untagged
  m_Icon: {fileID: 0}
  m_NavMeshLayer: 0
  m_StaticEditorFlags: 0
  m_IsActive: 1
--- !u!224 &779654581696329159
RectTransform:
  m_ObjectHideFlags: 0
  m_CorrespondingSourceObject: {fileID: 0}
  m_PrefabInstance: {fileID: 0}
  m_PrefabAsset: {fileID: 0}
  m_GameObject: {fileID: 779654581696329158}
  m_LocalRotation: {x: 0, y: 0, z: 0, w: 1}
  m_LocalPosition: {x: 0, y: 0, z: 0}
  m_LocalScale: {x: -0.12, y: 0.015, z: 1}
  m_ConstrainProportionsScale: 0
  m_Children: []
  m_Father: {fileID: 779654582854784877}
  m_RootOrder: 1
  m_LocalEulerAnglesHint: {x: 0, y: 0, z: 0}
  m_AnchorMin: {x: 0, y: 0}
  m_AnchorMax: {x: 1, y: 1}
  m_AnchoredPosition: {x: 0, y: -50}
  m_SizeDelta: {x: 1304, y: 180}
  m_Pivot: {x: 0.5, y: 0.5}
--- !u!222 &779654581696329157
CanvasRenderer:
  m_ObjectHideFlags: 0
  m_CorrespondingSourceObject: {fileID: 0}
  m_PrefabInstance: {fileID: 0}
  m_PrefabAsset: {fileID: 0}
  m_GameObject: {fileID: 779654581696329158}
  m_CullTransparentMesh: 1
--- !u!114 &779654581696329156
MonoBehaviour:
  m_ObjectHideFlags: 0
  m_CorrespondingSourceObject: {fileID: 0}
  m_PrefabInstance: {fileID: 0}
  m_PrefabAsset: {fileID: 0}
  m_GameObject: {fileID: 779654581696329158}
  m_Enabled: 1
  m_EditorHideFlags: 0
  m_Script: {fileID: 11500000, guid: 5f7201a12d95ffc409449d95f23cf332, type: 3}
  m_Name: 
  m_EditorClassIdentifier: 
  m_Material: {fileID: 0}
  m_Color: {r: 0.19607843, g: 0.19607843, b: 0.19607843, a: 1}
  m_RaycastTarget: 1
  m_RaycastPadding: {x: 0, y: 0, z: 0, w: 0}
  m_Maskable: 1
  m_OnCullStateChanged:
    m_PersistentCalls:
      m_Calls: []
  m_FontData:
    m_Font: {fileID: 10102, guid: 0000000000000000e000000000000000, type: 0}
    m_FontSize: 300
    m_FontStyle: 0
    m_BestFit: 1
    m_MinSize: 4
    m_MaxSize: 300
    m_Alignment: 4
    m_AlignByGeometry: 0
    m_RichText: 1
    m_HorizontalOverflow: 1
    m_VerticalOverflow: 0
    m_LineSpacing: 1
  m_Text: 'SLES

    54815'
--- !u!1 &779654581735145536
GameObject:
  m_ObjectHideFlags: 0
  m_CorrespondingSourceObject: {fileID: 0}
  m_PrefabInstance: {fileID: 0}
  m_PrefabAsset: {fileID: 0}
  serializedVersion: 6
  m_Component:
  - component: {fileID: 779654581735145537}
  - component: {fileID: 9149901513672811791}
  - component: {fileID: 5206038108848923778}
  - component: {fileID: 6508790179750558103}
  m_Layer: 0
  m_Name: PS2Game
  m_TagString: Untagged
  m_Icon: {fileID: 0}
  m_NavMeshLayer: 0
  m_StaticEditorFlags: 0
  m_IsActive: 1
--- !u!4 &779654581735145537
Transform:
  m_ObjectHideFlags: 0
  m_CorrespondingSourceObject: {fileID: 0}
  m_PrefabInstance: {fileID: 0}
  m_PrefabAsset: {fileID: 0}
  m_GameObject: {fileID: 779654581735145536}
  m_LocalRotation: {x: 0, y: 0, z: 0, w: 1}
  m_LocalPosition: {x: 0, y: 0, z: 0}
  m_LocalScale: {x: 1, y: 1, z: 1}
  m_ConstrainProportionsScale: 0
  m_Children:
  - {fileID: 9008886751720467134}
  m_Father: {fileID: 0}
  m_RootOrder: 0
  m_LocalEulerAnglesHint: {x: 0, y: 0, z: 0}
--- !u!114 &9149901513672811791
MonoBehaviour:
  m_ObjectHideFlags: 0
  m_CorrespondingSourceObject: {fileID: 0}
  m_PrefabInstance: {fileID: 0}
  m_PrefabAsset: {fileID: 0}
  m_GameObject: {fileID: 779654581735145536}
  m_Enabled: 1
  m_EditorHideFlags: 0
  m_Script: {fileID: 11500000, guid: 8ebc2dcb98816ab4ca2b4119b4aff96d, type: 3}
  m_Name: 
  m_EditorClassIdentifier: 
  caseType: PS2 [Platinum-RR]
  height: 19
  length: 13.5
  width: 1.5
  gameTitle: "Rayman\xAE Revolution\u2122"
  gameSerial: SLES-50044
  gameSubSerial: 0116222
  gameFront: {fileID: 0}
  gameBack: {fileID: 0}
  gameSpine: {fileID: 0}
  gameTitleColor: {r: 0, g: 0, b: 0, a: 0}
  boxColor: {r: 0, g: 0, b: 0, a: 0}
  gameTitle_text: {fileID: 779654583087613346}
  gameSerial_text: {fileID: 779654581696329156}
  gameSubSerial_text: {fileID: 779654581781349798}
  gameFront_mat: {fileID: 2100000, guid: cb61f78eaee3b5a4da16ffbcc672287b, type: 2}
  gameBack_mat: {fileID: 2100000, guid: 2685a978be18a434cbbf2533aa4c004f, type: 2}
  gameSpine_mat: {fileID: 2100000, guid: 4bf5009092afe084aa4634dfce785169, type: 2}
  gameBox_mat: {fileID: 2100000, guid: e99130355b037db41bd160e36797a74b, type: 2}
  meshRenderer: {fileID: 745895362410631002}
  spineStandard: {fileID: 2800000, guid: 0a74219d08db9e946bd1ac237aaaab37, type: 3}
  spinePlatinum: {fileID: 2800000, guid: 1d62745edee57e64bbe1287fe374ba90, type: 3}
  spineSuperBustAMove: {fileID: 2800000, guid: c94263103fafd0d46a769b3a73e65274, type: 3}
  spinePlatinumRaymanRevolution: {fileID: 2800000, guid: f7db94dbbf6270c44b5e3f567431cd32, type: 3}
  spineDemoDVD: {fileID: 0}
  spineJapanTheBest: {fileID: 0}
  textColorStandard: {r: 0, g: 0, b: 0, a: 1}
  textColorPlatinum: {r: 0.6745098, g: 0.72156864, b: 0.77647066, a: 1}
  textColorSuperBustAMove: {r: 1, g: 1, b: 1, a: 1}
  textColorPlatinumRaymanRevolution: {r: 0.25, g: 0.25, b: 0.25, a: 1}
  textColorSpiderMan3: {r: 1, g: 1, b: 1, a: 1}
  textColorDemoDVD: {r: 0.75, g: 0.75, b: 0.75, a: 1}
  textColorJapanTheBest: {r: 0, g: 0, b: 0, a: 1}
  boxColorStandardBlue: {r: 0.14117648, g: 0.30980393, b: 0.6784314, a: 1}
  boxColorStandardBlack: {r: 0, g: 0, b: 0, a: 1}
  boxColorStandardOrange: {r: 1, g: 0.5, b: 0, a: 1}
  boxColorStandardWhite: {r: 1, g: 1, b: 1, a: 1}
  boxColorPlatinum: {r: 0.33333334, g: 0.33333334, b: 0.33333334, a: 1}
--- !u!114 &5206038108848923778
MonoBehaviour:
  m_ObjectHideFlags: 0
  m_CorrespondingSourceObject: {fileID: 0}
  m_PrefabInstance: {fileID: 0}
  m_PrefabAsset: {fileID: 0}
  m_GameObject: {fileID: 779654581735145536}
  m_Enabled: 1
  m_EditorHideFlags: 0
  m_Script: {fileID: 11500000, guid: 9ef03748759ded646be1b4215b5ef51a, type: 3}
  m_Name: 
  m_EditorClassIdentifier: 
--- !u!65 &6508790179750558103
BoxCollider:
  m_ObjectHideFlags: 0
  m_CorrespondingSourceObject: {fileID: 0}
  m_PrefabInstance: {fileID: 0}
  m_PrefabAsset: {fileID: 0}
  m_GameObject: {fileID: 779654581735145536}
  m_Material: {fileID: 0}
  m_IsTrigger: 0
  m_Enabled: 1
  serializedVersion: 2
  m_Size: {x: 0.015, y: 0.19, z: 0.13}
  m_Center: {x: 0, y: 0, z: 0}
--- !u!1 &779654581781349816
GameObject:
  m_ObjectHideFlags: 0
  m_CorrespondingSourceObject: {fileID: 0}
  m_PrefabInstance: {fileID: 0}
  m_PrefabAsset: {fileID: 0}
  serializedVersion: 6
  m_Component:
  - component: {fileID: 779654581781349817}
  - component: {fileID: 779654581781349799}
  - component: {fileID: 779654581781349798}
  m_Layer: 5
  m_Name: GameSubSerial
  m_TagString: Untagged
  m_Icon: {fileID: 0}
  m_NavMeshLayer: 0
  m_StaticEditorFlags: 0
  m_IsActive: 1
--- !u!224 &779654581781349817
RectTransform:
  m_ObjectHideFlags: 0
  m_CorrespondingSourceObject: {fileID: 0}
  m_PrefabInstance: {fileID: 0}
  m_PrefabAsset: {fileID: 0}
  m_GameObject: {fileID: 779654581781349816}
  m_LocalRotation: {x: 0, y: 0, z: 0, w: 1}
  m_LocalPosition: {x: 0, y: 0, z: 0}
  m_LocalScale: {x: -0.035, y: 0.0035, z: 1}
  m_ConstrainProportionsScale: 0
  m_Children: []
  m_Father: {fileID: 779654582854784877}
  m_RootOrder: 2
  m_LocalEulerAnglesHint: {x: 0, y: 0, z: 0}
  m_AnchorMin: {x: 0, y: 0}
  m_AnchorMax: {x: 1, y: 1}
  m_AnchoredPosition: {x: 0, y: -53}
  m_SizeDelta: {x: 0, y: 176}
  m_Pivot: {x: 0.5, y: 0.5}
--- !u!222 &779654581781349799
CanvasRenderer:
  m_ObjectHideFlags: 0
  m_CorrespondingSourceObject: {fileID: 0}
  m_PrefabInstance: {fileID: 0}
  m_PrefabAsset: {fileID: 0}
  m_GameObject: {fileID: 779654581781349816}
  m_CullTransparentMesh: 1
--- !u!114 &779654581781349798
MonoBehaviour:
  m_ObjectHideFlags: 0
  m_CorrespondingSourceObject: {fileID: 0}
  m_PrefabInstance: {fileID: 0}
  m_PrefabAsset: {fileID: 0}
  m_GameObject: {fileID: 779654581781349816}
  m_Enabled: 1
  m_EditorHideFlags: 0
  m_Script: {fileID: 11500000, guid: 5f7201a12d95ffc409449d95f23cf332, type: 3}
  m_Name: 
  m_EditorClassIdentifier: 
  m_Material: {fileID: 0}
  m_Color: {r: 0.19607843, g: 0.19607843, b: 0.19607843, a: 1}
  m_RaycastTarget: 1
  m_RaycastPadding: {x: 0, y: 0, z: 0, w: 0}
  m_Maskable: 1
  m_OnCullStateChanged:
    m_PersistentCalls:
      m_Calls: []
  m_FontData:
    m_Font: {fileID: 10102, guid: 0000000000000000e000000000000000, type: 0}
    m_FontSize: 300
    m_FontStyle: 0
    m_BestFit: 1
    m_MinSize: 4
    m_MaxSize: 300
    m_Alignment: 4
    m_AlignByGeometry: 0
    m_RichText: 1
    m_HorizontalOverflow: 1
    m_VerticalOverflow: 0
    m_LineSpacing: 1
  m_Text: 2212923
--- !u!1 &779654582854784876
GameObject:
  m_ObjectHideFlags: 0
  m_CorrespondingSourceObject: {fileID: 0}
  m_PrefabInstance: {fileID: 0}
  m_PrefabAsset: {fileID: 0}
  serializedVersion: 6
  m_Component:
  - component: {fileID: 779654582854784877}
  - component: {fileID: 779654582854784872}
  - component: {fileID: 779654582854784875}
  - component: {fileID: 779654582854784874}
  m_Layer: 5
  m_Name: Canvas
  m_TagString: Untagged
  m_Icon: {fileID: 0}
  m_NavMeshLayer: 0
  m_StaticEditorFlags: 0
  m_IsActive: 1
--- !u!224 &779654582854784877
RectTransform:
  m_ObjectHideFlags: 0
  m_CorrespondingSourceObject: {fileID: 0}
  m_PrefabInstance: {fileID: 0}
  m_PrefabAsset: {fileID: 0}
  m_GameObject: {fileID: 779654582854784876}
  m_LocalRotation: {x: 0.7071068, y: -0, z: -0, w: 0.7071068}
  m_LocalPosition: {x: 0, y: 0, z: -0.0013000005}
  m_LocalScale: {x: 0.00018000002, y: 0.00015, z: 1}
  m_ConstrainProportionsScale: 0
  m_Children:
  - {fileID: 779654583087613349}
  - {fileID: 779654581696329159}
  - {fileID: 779654581781349817}
  m_Father: {fileID: 9008886751720467134}
  m_RootOrder: 0
  m_LocalEulerAnglesHint: {x: 90, y: 0, z: 0}
  m_AnchorMin: {x: 0, y: 0}
  m_AnchorMax: {x: 0, y: 0}
  m_AnchoredPosition: {x: 0, y: -0.010100001}
  m_SizeDelta: {x: 100, y: 100}
  m_Pivot: {x: 0.5, y: 0.5}
--- !u!223 &779654582854784872
Canvas:
  m_ObjectHideFlags: 0
  m_CorrespondingSourceObject: {fileID: 0}
  m_PrefabInstance: {fileID: 0}
  m_PrefabAsset: {fileID: 0}
  m_GameObject: {fileID: 779654582854784876}
  m_Enabled: 1
  serializedVersion: 3
  m_RenderMode: 2
  m_Camera: {fileID: 0}
  m_PlaneDistance: 100
  m_PixelPerfect: 0
  m_ReceivesEvents: 1
  m_OverrideSorting: 0
  m_OverridePixelPerfect: 0
  m_SortingBucketNormalizedSize: 0
  m_AdditionalShaderChannelsFlag: 0
  m_SortingLayerID: 0
  m_SortingOrder: 0
  m_TargetDisplay: 0
--- !u!114 &779654582854784875
MonoBehaviour:
  m_ObjectHideFlags: 0
  m_CorrespondingSourceObject: {fileID: 0}
  m_PrefabInstance: {fileID: 0}
  m_PrefabAsset: {fileID: 0}
  m_GameObject: {fileID: 779654582854784876}
  m_Enabled: 1
  m_EditorHideFlags: 0
  m_Script: {fileID: 11500000, guid: 0cd44c1031e13a943bb63640046fad76, type: 3}
  m_Name: 
  m_EditorClassIdentifier: 
  m_UiScaleMode: 0
  m_ReferencePixelsPerUnit: 100
  m_ScaleFactor: 1
  m_ReferenceResolution: {x: 800, y: 600}
  m_ScreenMatchMode: 0
  m_MatchWidthOrHeight: 0
  m_PhysicalUnit: 3
  m_FallbackScreenDPI: 96
  m_DefaultSpriteDPI: 96
  m_DynamicPixelsPerUnit: 1
  m_PresetInfoIsWorld: 1
--- !u!114 &779654582854784874
MonoBehaviour:
  m_ObjectHideFlags: 0
  m_CorrespondingSourceObject: {fileID: 0}
  m_PrefabInstance: {fileID: 0}
  m_PrefabAsset: {fileID: 0}
  m_GameObject: {fileID: 779654582854784876}
  m_Enabled: 1
  m_EditorHideFlags: 0
  m_Script: {fileID: 11500000, guid: dc42784cf147c0c48a680349fa168899, type: 3}
  m_Name: 
  m_EditorClassIdentifier: 
  m_IgnoreReversedGraphics: 1
  m_BlockingObjects: 0
  m_BlockingMask:
    serializedVersion: 2
    m_Bits: 4294967295
--- !u!1 &779654583087613348
GameObject:
  m_ObjectHideFlags: 0
  m_CorrespondingSourceObject: {fileID: 0}
  m_PrefabInstance: {fileID: 0}
  m_PrefabAsset: {fileID: 0}
  serializedVersion: 6
  m_Component:
  - component: {fileID: 779654583087613349}
  - component: {fileID: 779654583087613347}
  - component: {fileID: 779654583087613346}
  m_Layer: 5
  m_Name: GameTitle
  m_TagString: Untagged
  m_Icon: {fileID: 0}
  m_NavMeshLayer: 0
  m_StaticEditorFlags: 0
  m_IsActive: 1
--- !u!224 &779654583087613349
RectTransform:
  m_ObjectHideFlags: 0
  m_CorrespondingSourceObject: {fileID: 0}
  m_PrefabInstance: {fileID: 0}
  m_PrefabAsset: {fileID: 0}
  m_GameObject: {fileID: 779654583087613348}
  m_LocalRotation: {x: 0, y: 0, z: 0.7071068, w: 0.7071068}
  m_LocalPosition: {x: 0, y: 0, z: 0}
  m_LocalScale: {x: -0.094, y: 0.94, z: 1}
  m_ConstrainProportionsScale: 0
  m_Children: []
  m_Father: {fileID: 779654582854784877}
  m_RootOrder: 0
  m_LocalEulerAnglesHint: {x: 0, y: 0, z: 90}
  m_AnchorMin: {x: 0, y: 0}
  m_AnchorMax: {x: 1, y: 1}
  m_AnchoredPosition: {x: 20, y: -18.3}
  m_SizeDelta: {x: 721.3, y: -35.3}
  m_Pivot: {x: 0, y: 1}
--- !u!222 &779654583087613347
CanvasRenderer:
  m_ObjectHideFlags: 0
  m_CorrespondingSourceObject: {fileID: 0}
  m_PrefabInstance: {fileID: 0}
  m_PrefabAsset: {fileID: 0}
  m_GameObject: {fileID: 779654583087613348}
  m_CullTransparentMesh: 1
--- !u!114 &779654583087613346
MonoBehaviour:
  m_ObjectHideFlags: 0
  m_CorrespondingSourceObject: {fileID: 0}
  m_PrefabInstance: {fileID: 0}
  m_PrefabAsset: {fileID: 0}
  m_GameObject: {fileID: 779654583087613348}
  m_Enabled: 1
  m_EditorHideFlags: 0
  m_Script: {fileID: 11500000, guid: 5f7201a12d95ffc409449d95f23cf332, type: 3}
  m_Name: 
  m_EditorClassIdentifier: 
  m_Material: {fileID: 0}
  m_Color: {r: 0.19607843, g: 0.19607843, b: 0.19607843, a: 1}
  m_RaycastTarget: 1
  m_RaycastPadding: {x: 0, y: 0, z: 0, w: 0}
  m_Maskable: 1
  m_OnCullStateChanged:
    m_PersistentCalls:
      m_Calls: []
  m_FontData:
    m_Font: {fileID: 12800000, guid: 184efef2a5331a644943b8e393b17157, type: 3}
    m_FontSize: 1
    m_FontStyle: 0
    m_BestFit: 1
    m_MinSize: 1
    m_MaxSize: 45
    m_Alignment: 3
    m_AlignByGeometry: 0
    m_RichText: 1
    m_HorizontalOverflow: 0
    m_VerticalOverflow: 0
    m_LineSpacing: 1
  m_Text: "Teenage Mutant Ninja Turtles\xAE3 : Mutant Nightmare\u2122"
--- !u!1 &8514663476995290142
GameObject:
  m_ObjectHideFlags: 0
  m_CorrespondingSourceObject: {fileID: 0}
  m_PrefabInstance: {fileID: 0}
  m_PrefabAsset: {fileID: 0}
  serializedVersion: 6
  m_Component:
  - component: {fileID: 9008886751720467134}
  - component: {fileID: 7747462794588118969}
  - component: {fileID: 745895362410631002}
  m_Layer: 0
  m_Name: PS2Case
  m_TagString: Untagged
  m_Icon: {fileID: 0}
  m_NavMeshLayer: 0
  m_StaticEditorFlags: 0
  m_IsActive: 1
--- !u!4 &9008886751720467134
Transform:
  m_ObjectHideFlags: 0
  m_CorrespondingSourceObject: {fileID: 0}
  m_PrefabInstance: {fileID: 0}
  m_PrefabAsset: {fileID: 0}
  m_GameObject: {fileID: 8514663476995290142}
  m_LocalRotation: {x: -0.7071068, y: 0, z: 0, w: 0.7071068}
  m_LocalPosition: {x: 0, y: 0, z: 0}
  m_LocalScale: {x: 0.75, y: 6.7188926, z: 9.499997}
  m_ConstrainProportionsScale: 0
  m_Children:
  - {fileID: 779654582854784877}
  m_Father: {fileID: 779654581735145537}
  m_RootOrder: 0
  m_LocalEulerAnglesHint: {x: -90, y: 0, z: 0}
--- !u!33 &7747462794588118969
MeshFilter:
  m_ObjectHideFlags: 0
  m_CorrespondingSourceObject: {fileID: 0}
  m_PrefabInstance: {fileID: 0}
  m_PrefabAsset: {fileID: 0}
  m_GameObject: {fileID: 8514663476995290142}
  m_Mesh: {fileID: -5804378059441701558, guid: 5497fc5964cfa8f4e85aa8d097fb91a6, type: 3}
--- !u!23 &745895362410631002
MeshRenderer:
  m_ObjectHideFlags: 0
  m_CorrespondingSourceObject: {fileID: 0}
  m_PrefabInstance: {fileID: 0}
  m_PrefabAsset: {fileID: 0}
  m_GameObject: {fileID: 8514663476995290142}
  m_Enabled: 1
  m_CastShadows: 1
  m_ReceiveShadows: 1
  m_DynamicOccludee: 1
  m_StaticShadowCaster: 0
  m_MotionVectors: 1
  m_LightProbeUsage: 1
  m_ReflectionProbeUsage: 1
  m_RayTracingMode: 2
  m_RayTraceProcedural: 0
  m_RenderingLayerMask: 1
  m_RendererPriority: 0
  m_Materials:
  - {fileID: 2100000, guid: e99130355b037db41bd160e36797a74b, type: 2}
  - {fileID: 2100000, guid: 4bf5009092afe084aa4634dfce785169, type: 2}
  - {fileID: 2100000, guid: 2685a978be18a434cbbf2533aa4c004f, type: 2}
  - {fileID: 2100000, guid: cb61f78eaee3b5a4da16ffbcc672287b, type: 2}
  m_StaticBatchInfo:
    firstSubMesh: 0
    subMeshCount: 0
  m_StaticBatchRoot: {fileID: 0}
  m_ProbeAnchor: {fileID: 0}
  m_LightProbeVolumeOverride: {fileID: 0}
  m_ScaleInLightmap: 1
  m_ReceiveGI: 1
  m_PreserveUVs: 0
  m_IgnoreNormalsForChartDetection: 0
  m_ImportantGI: 0
  m_StitchLightmapSeams: 1
  m_SelectedEditorRenderState: 3
  m_MinimumChartSize: 4
  m_AutoUVMaxDistance: 0.5
  m_AutoUVMaxAngle: 89
  m_LightmapParameters: {fileID: 0}
  m_SortingLayerID: 0
  m_SortingLayer: 0
  m_SortingOrder: 0
  m_AdditionalVertexStreams: {fileID: 0}
